@inproceedings{huo2016learning,
  title={Learning Unified Features from Natural and Programming Languages for Locating Buggy Source Code},
  author={Huo, Xuan and Li, Ming and Zhou, Zhi-Hua},
  booktitle={Proceedings of the 25th International Joint Conference on Artificial Intelligence},
  address = {New York, NY, USA},
  pages={1606--1612},
  year={2016},
}

@inproceedings{kim2014convolutional,
  title={Convolutional Neural Networks for Sentence Classification},
  author={Kim, Yoon},
  booktitle={Proceedings of Conference on Empirical Methods in Natural Language Processing},
  pages={1746--1751},
  address = {Doha, Qatar},
  year={2014},
}

@inproceedings{peters2013better,
  title={Better cross company defect prediction},
  author={Peters, Fayola and Menzies, Tim and Marcus, Andrian},
  booktitle={Proceedings of the 10th IEEE Working Conference on Mining Software Repositories},
  pages={409--418},
  year={2013},
  organization={IEEE}
}

@inproceedings{nam2013transfer,
  title={Transfer defect learning},
  author={Nam, Jaechang and Pan, Sinno Jialin and Kim, Sunghun},
  booktitle={Proceedings of the 2013 International Conference on Software Engineering},
  pages={382--391},
  year={2013},
  organization={IEEE}
}

@inproceedings{rao2011retrieval,
  title={Retrieval from software libraries for bug localization: a comparative study of generic and composite text models},
  author={Rao, Shivani and Kak, Avinash},
  booktitle={Proceedings of the 8th Working Conference on Mining Software Repositories},
  pages={43--52},
  year={2011},
  organization={ACM}
}

@inproceedings{zhou2012should,
  title={Where should the bugs be fixed?-more accurate information retrieval-based bug localization based on bug reports},
  author={Zhou, Jian and Zhang, Hongyu and Lo, David},
  booktitle={Proceedings of the 34th International Conference on Software Engineering},
  pages={14--24},
  year={2012},
  organization={IEEE Press}
}
